@manual{ref:smsp-bios,
  author = "SMS Power",
  title  = "BIOSes - Development",
  url    = "https://www.smspower.org/Development/BIOSes#NoBIOS"
}
